[gd_scene load_steps=7 format=3 uid="uid://dfhjgyotape1p"]

[ext_resource type="Script" path="res://Scenes/GUI/HUD/HUD.gd" id="1_rlenv"]
[ext_resource type="PackedScene" uid="uid://bxu35f5b63ssd" path="res://Scenes/GUI/HUD/FPSCounter/FPSCounter.tscn" id="1_serih"]
[ext_resource type="PackedScene" uid="uid://dn85843m8bjnj" path="res://Scenes/GUI/HUD/PositionDisplay/PositionDisplay.tscn" id="3_hsrbp"]
[ext_resource type="PackedScene" uid="uid://bc0vl6ftil2fu" path="res://Scenes/GUI/HUD/Crosshair/Crosshair.tscn" id="4_p6u2h"]
[ext_resource type="PackedScene" uid="uid://bedhfjv0ew67s" path="res://Scenes/GUI/HUD/ResourceBox/ResourceBox.tscn" id="6_5i07w"]
[ext_resource type="PackedScene" uid="uid://bcpvnqqqujxll" path="res://Scenes/GUI/Screens/Pause/PauseMenu.tscn" id="7_tr3tn"]

[node name="HUD" type="Control"]
layout_mode = 3
anchors_preset = 15
anchor_right = 1.0
anchor_bottom = 1.0
grow_horizontal = 2
grow_vertical = 2
script = ExtResource("1_rlenv")

[node name="FpsCounter" parent="." instance=ExtResource("1_serih")]
layout_mode = 1
anchors_preset = 1
anchor_left = 1.0
anchor_right = 1.0
offset_left = -1.0
offset_bottom = 23.0
grow_horizontal = 0

[node name="Position Display" parent="." instance=ExtResource("3_hsrbp")]
layout_mode = 1
anchors_preset = 3
anchor_left = 1.0
anchor_right = 1.0
offset_left = -1.0
offset_right = 0.0
grow_horizontal = 0

[node name="CrosshairCenterer" type="CenterContainer" parent="."]
layout_mode = 1
anchors_preset = 15
anchor_right = 1.0
anchor_bottom = 1.0
grow_horizontal = 2
grow_vertical = 2

[node name="Crosshair" parent="CrosshairCenterer" instance=ExtResource("4_p6u2h")]
layout_mode = 2

[node name="HealthBoxes" type="VBoxContainer" parent="."]
layout_mode = 1
offset_right = 200.0
offset_bottom = 90.0

[node name="Shield" parent="HealthBoxes" instance=ExtResource("6_5i07w")]
modulate = Color(0, 0, 1, 1)
layout_mode = 2
_resource_name = "Shield"
_resource_type = 2

[node name="Armor" parent="HealthBoxes" instance=ExtResource("6_5i07w")]
modulate = Color(0.458824, 0.458824, 0.458824, 1)
layout_mode = 2
_resource_name = "Armor"
_resource_type = 2

[node name="Integrity" parent="HealthBoxes" instance=ExtResource("6_5i07w")]
modulate = Color(1, 0, 0, 1)
layout_mode = 2
_resource_name = "Integrity"
_resource_type = 2

[node name="CommodityBoxes" type="VBoxContainer" parent="."]
layout_mode = 1
anchors_preset = 2
anchor_top = 1.0
anchor_bottom = 1.0
offset_top = -40.0
offset_right = 200.0
grow_vertical = 0

[node name="Mass" parent="CommodityBoxes" instance=ExtResource("6_5i07w")]
modulate = Color(0.163356, 0.197551, 0.456959, 1)
layout_mode = 2
_resource_name = "Mass"
_resource_type = 1

[node name="Energy" parent="CommodityBoxes" instance=ExtResource("6_5i07w")]
modulate = Color(1, 0.666667, 0, 1)
layout_mode = 2
_resource_name = "Energy"
_resource_type = 1

[node name="BuildPanel" type="PanelContainer" parent="."]
layout_mode = 1
anchors_preset = 7
anchor_left = 0.5
anchor_top = 1.0
anchor_right = 0.5
anchor_bottom = 1.0
offset_left = -70.0
offset_top = -40.0
offset_right = 70.0
grow_horizontal = 2
grow_vertical = 0

[node name="BuildContainer" type="HBoxContainer" parent="BuildPanel"]
layout_mode = 2

[node name="PauseMenu" parent="." instance=ExtResource("7_tr3tn")]
visible = false
layout_mode = 1
