[gd_scene load_steps=4 format=3 uid="uid://d0q5tu716s76c"]

[ext_resource type="PackedScene" uid="uid://bhpr54jf3sa3j" path="res://Scenes/GUI/Screens/Base/MenuScreen.tscn" id="1_do0y4"]
[ext_resource type="Script" path="res://Scenes/GUI/Screens/Title/TitleScreen.gd" id="2_62dl7"]

[sub_resource type="LabelSettings" id="LabelSettings_1wq85"]
font_size = 64

[node name="TitleScreen" instance=ExtResource("1_do0y4")]
script = ExtResource("2_62dl7")

[node name="Panel" parent="." index="0"]
offset_right = 0.0

[node name="Label" parent="Panel" index="0"]
text = "Omnicraft
Infinite War
"
label_settings = SubResource("LabelSettings_1wq85")

[node name="VBoxContainer" parent="Panel" index="1"]
offset_left = 0.0
offset_top = 0.0
offset_right = 0.0
offset_bottom = 0.0

[node name="NewGameButton" type="Button" parent="Panel/VBoxContainer" index="0"]
layout_mode = 2
text = "New Game"

[node name="LoadGameButton" type="Button" parent="Panel/VBoxContainer" index="1"]
layout_mode = 2
text = "Load Game"

[node name="MultiplayerButton" type="Button" parent="Panel/VBoxContainer" index="2"]
layout_mode = 2
text = "Multiplayer"

[node name="SettingsButton" type="Button" parent="Panel/VBoxContainer" index="3"]
auto_translate_mode = 1
layout_mode = 2
text = "Settings"

[node name="ExitButton" type="Button" parent="Panel/VBoxContainer" index="4"]
layout_mode = 2
text = "Exit"

[node name="CreditsButton" type="Button" parent="Panel" index="2"]
layout_mode = 1
anchors_preset = 3
anchor_left = 1.0
anchor_top = 1.0
anchor_right = 1.0
anchor_bottom = 1.0
offset_left = -8.0
offset_top = -8.0
grow_horizontal = 0
grow_vertical = 0
text = "Credits"

[connection signal="pressed" from="Panel/VBoxContainer/NewGameButton" to="." method="_on_new_game_button_pressed"]
[connection signal="pressed" from="Panel/VBoxContainer/LoadGameButton" to="." method="_on_load_game_button_pressed"]
[connection signal="pressed" from="Panel/VBoxContainer/MultiplayerButton" to="." method="_on_multiplayer_button_pressed"]
[connection signal="pressed" from="Panel/VBoxContainer/SettingsButton" to="." method="_on_settings_button_pressed"]
[connection signal="pressed" from="Panel/VBoxContainer/ExitButton" to="." method="_on_exit_button_pressed"]
