[gd_scene load_steps=11 format=3 uid="uid://dm7syw1khggda"]

[ext_resource type="Script" path="res://Scenes/Game/Game.gd" id="1_3evl2"]
[ext_resource type="Script" path="res://Scenes/Game/Terrain/Terrain.gd" id="3_3uvsf"]
[ext_resource type="Script" path="res://Scenes/Game/Units.gd" id="3_b5woy"]
[ext_resource type="Script" path="res://Scenes/Game/Voxels.gd" id="4_gx75l"]
[ext_resource type="Script" path="res://Scenes/Game/NavigationGenerator.gd" id="5_lcphn"]
[ext_resource type="Script" path="res://Imports/Scripts/Faction.gd" id="6_cs5oa"]

[sub_resource type="VoxelStreamRegionFiles" id="VoxelStreamRegionFiles_7va24"]
save_generator_output = true

[sub_resource type="VoxelMesherBlocky" id="VoxelMesherBlocky_gvydt"]

[sub_resource type="Environment" id="Environment_v0jb2"]
ambient_light_source = 2
ambient_light_color = Color(1, 1, 1, 1)
ambient_light_sky_contribution = 0.05
ambient_light_energy = 0.3

[sub_resource type="CameraAttributesPractical" id="CameraAttributesPractical_80ej6"]

[node name="Game" type="Node3D"]
process_mode = 1
script = ExtResource("1_3evl2")

[node name="Terrain" type="VoxelTerrain" parent="."]
transform = Transform3D(1, 0.000134801, -6.61309e-05, -0.000134801, 1, 4.61469e-05, 6.61309e-05, -4.61469e-05, 1, 0, 0, 0)
stream = SubResource("VoxelStreamRegionFiles_7va24")
mesher = SubResource("VoxelMesherBlocky_gvydt")
gi_mode = 1
collision_layer = 8
collision_mask = 9
run_stream_in_editor = false
script = ExtResource("3_3uvsf")

[node name="WorldEnvironment" type="WorldEnvironment" parent="."]
environment = SubResource("Environment_v0jb2")
camera_attributes = SubResource("CameraAttributesPractical_80ej6")

[node name="DirectionalLight3D" type="DirectionalLight3D" parent="."]
transform = Transform3D(1, 0, 0, 0, 0.451111, 0.892468, 0, -0.892468, 0.451111, 0, 0, 0)
shadow_enabled = true

[node name="Voxels" type="Node" parent="."]
script = ExtResource("4_gx75l")

[node name="NavigationGenerator" type="Node" parent="."]
process_mode = 3
script = ExtResource("5_lcphn")

[node name="WalkableRegions" type="Node" parent="NavigationGenerator"]

[node name="Factions" type="Node" parent="."]

[node name="PlayerFaction" type="Node" parent="Factions"]
script = ExtResource("6_cs5oa")
_base_color = Vector3(0.05, 0.05, 0.25)
_edge_color = Vector3(0.05, 0.95, 0.05)
_shield_color = Color(0.955873, 0.0651098, 0.722412, 1)
_energy_color = Color(0.857, 0.422, 0, 0.35)

[node name="EnemyFaction" type="Node" parent="Factions"]
script = ExtResource("6_cs5oa")
_base_color = Vector3(0.85, 0.85, 0.85)
_edge_color = Vector3(0.05, 0.85, 0.85)
_shield_color = Color(0.699714, 0.532969, 0.0535228, 1)

[node name="Units" type="Node" parent="."]
script = ExtResource("3_b5woy")

[node name="Rules" type="Node" parent="."]

[node name="Particles" type="Node" parent="."]

[node name="Attacks" type="Node" parent="."]

[node name="Environment" type="Node" parent="."]
