[gd_scene load_steps=5 format=4 uid="uid://chy0ymrqs2gf5"]

[ext_resource type="PackedScene" uid="uid://bo6oy4st3pj8e" path="res://Scenes/Entities/Components/Properties/BaseComponentProperty.tscn" id="1_7nu2t"]
[ext_resource type="Script" path="res://Scenes/Entities/Components/Properties/WeaponProperties/Reloading/ReloadingComponentProperty.gd" id="2_punta"]
[ext_resource type="Script" path="res://Imports/Scripts/Attributes/Stats/primary_stat.gd" id="3_6rd8v"]
[ext_resource type="Script" path="res://Imports/Scripts/Attributes/resource_container.gd" id="4_36ac8"]

[node name="ReloadingComponentProperty" instance=ExtResource("1_7nu2t")]
script = ExtResource("2_punta")

[node name="Energy Cost" type="Node" parent="Stats" index="0"]
script = ExtResource("3_6rd8v")
_base_score = 3.0

[node name="Progress" type="Node" parent="Stats" index="1"]
script = ExtResource("4_36ac8")
_regen_time = 0

[node name="Current Progress" type="Node" parent="Stats/Progress" index="0"]
script = ExtResource("3_6rd8v")
_base_score = 0.0

[node name="Maximum Progress" type="Node" parent="Stats/Progress" index="1"]
script = ExtResource("3_6rd8v")
_base_score = 1.0

[node name="Progress Regen" type="Node" parent="Stats/Progress" index="2"]
script = ExtResource("3_6rd8v")
_base_score = 1.0
