[gd_scene load_steps=6 format=4 uid="uid://gqvn4v887khm"]

[ext_resource type="PackedScene" uid="uid://dvtwvwhwns22w" path="res://Scenes/Entities/Components/External/Tools/BaseToolComponent.tscn" id="1_jyj45"]
[ext_resource type="Script" path="res://Scenes/Entities/Components/External/Tools/MassCollector/MassCollector.gd" id="2_c73yu"]
[ext_resource type="Script" path="res://Imports/Scripts/Attributes/resource_container.gd" id="3_7ilry"]
[ext_resource type="Script" path="res://Imports/Scripts/Attributes/Stats/primary_stat.gd" id="4_7mt1i"]
[ext_resource type="PackedScene" uid="uid://cd1msknooc63c" path="res://Scenes/Detritus/Effects/EnergyBeam/EnergyBeam.tscn" id="5_uab5p"]

[node name="MassCollector" instance=ExtResource("1_jyj45")]
script = ExtResource("2_c73yu")

[node name="Range" type="Node" parent="Stats" index="0"]
script = ExtResource("4_7mt1i")
_base_score = 5.0

[node name="Energy Expenditure" type="Node" parent="Stats" index="1"]
script = ExtResource("4_7mt1i")
_base_score = 1.0

[node name="Mass Efficiency" type="Node" parent="Stats" index="2"]
script = ExtResource("4_7mt1i")
_base_score = 1.0

[node name="Progress" type="Node" parent="Stats/Resources" index="0"]
script = ExtResource("3_7ilry")
_regen_time = 0

[node name="Current Progress" type="Node" parent="Stats/Resources/Progress" index="0"]
script = ExtResource("4_7mt1i")
_base_score = 0.0

[node name="Maximum Progress" type="Node" parent="Stats/Resources/Progress" index="1"]
script = ExtResource("4_7mt1i")
_base_score = 1.0

[node name="Progress Regen" type="Node" parent="Stats/Resources/Progress" index="2"]
script = ExtResource("4_7mt1i")
_base_score = 1.0

[node name="EnergyBeam" parent="." index="1" instance=ExtResource("5_uab5p")]
visible = false
